@InProceedings{Linderman17,
  title = {Bayesian Learning and Inference in Recurrent Switching Linear
           Dynamical Systems},
  author = {Linderman, Scott and Johnson, Matthew and Miller, Andrew and Adams,
            Ryan and Blei, David and Paninski, Liam},
  booktitle = {Proceedings of the 20th International Conference on Artificial
               Intelligence and Statistics},
  pages = {914â€“922},
  year = {2017},
  editor = {Singh, Aarti and Zhu, Jerry},
  volume = {54},
  series = {Proceedings of Machine Learning Research},
  month = {20--22 Apr},
  publisher = {PMLR},
  pdf = {http://proceedings.mlr.press/v54/linderman17a/linderman17a.pdf},
  url = {https://proceedings.mlr.press/v54/linderman17a.html},
}
