@inproceedings{Linderman17,
  title = {Bayesian Learning and Inference in Recurrent Switching Linear
           Dynamical Systems},
  author = {Linderman, Scott W. and Johnson, Matthew J. and Miller, Andrew C.
            and Adams, Ryan P. and Blei, David M. and Paninski, Liam},
  booktitle = {Proceedings of the 20th International Conference on Artificial
               Intelligence and Statistics},
  pages = {914–922},
  year = {2017},
  editor = {Singh, Aarti and Zhu, Jerry},
  volume = {54},
  series = {Proceedings of Machine Learning Research},
  month = {April},
  publisher = {PMLR},
  pdf = {http://proceedings.mlr.press/v54/linderman17a/linderman17a.pdf},
  url = {https://proceedings.mlr.press/v54/linderman17a.html},
}

@inproceedings{Linderman15,
 title = {Dependent multinomial Models Made Easy: Stick-Breaking with the
          Pólya-gamma Augmentation},
 author = {Linderman, Scott W. and Johnson, Matthew J. and Adams, Ryan P.},
 booktitle = {Advances in Neural Information Processing Systems},
 editor = {Cortes, Corinna and Neil, Lawrence D. and Lee, Daniel D. and
           Sugiyama, Masashi and Garnett, Roman},
 pages = {3456–3465},
 publisher = {Curran Associates, Inc.},
 url =
 {https://proceedings.neurips.cc/paper_files/paper/2015/file/07a4e20a7bbeeb7a736682b26b16ebe8-Paper.pdf},
 volume = {28},
 year = {2015}
}

@article{Polson13,
  author = {Polson, Nicholas G. and Scott, James G. and Windle, Jesse},
  title = {Bayesian Inference for Logistic Models Using Pólya–Gamma Latent
           Variables},
  journal = {Journal of the American Statistical Association},
  volume = {108},
  number = {504},
  pages = {1339–1349},
  year = {2013},
  publisher = {Taylor & Francis},
  doi = {10.1080/01621459.2013.829001},
  url = {https://doi.org/10.1080/01621459.2013.829001},
  eprint = {https://doi.org/10.1080/01621459.2013.829001}
}

@misc{Stan24,
  author = {{Stan Development Team}},
  title = {Stan Modeling Language Users Guide and Reference Manual},
  version = {2.34},
  year = {2024},
  url = {https://mc-stan.org}
}

@misc{RStan24,
  title = {{RStan}: the {R} interface to {Stan}},
  author = {{Stan Development Team}},
  note = {R package version 2.32.6},
  year = {2024},
  url = {https://mc-stan.org/},
}

@article{Carpenter17,
 title = {Stan: A Probabilistic Programming Language},
 volume = {76},
 url = {https://www.jstatsoft.org/index.php/jss/article/view/v076i01},
 doi = {10.18637/jss.v076.i01},
 number = {1},
 journal = {Journal of Statistical Software},
 author = {Carpenter, Bob and Gelman, Andrew and Hoffman, Matthew D. and Lee,
           Daniel and Goodrich, Ben and Betancourt, Michael and Brubaker, Marcus
           and Guo, Jiqiang and Li, Peter and Riddell, Allen},
 year = {2017},
 pages = {1--32}
}

@inproceedings{Damiano2018,
  title = {A tutorial on hidden Markov models using Stan},
  date = {2018-01-10},
  author = {Damiano, Luis and Peterson, Brian and Weylandt, Michael},
  eventtitle = {StanCon 2018},
  eventdate = {2018-01-10},
  organization = {Asilomar},
  venue = {Asilomar Conference Center, California},
  publisher = {Zenodo},
  doi = {10.5281/zenodo.1284341},
  url = {https://doi.org/10.5281/zenodo.1284341}
}
